@Book{knuth:84,
  author = 	 {Donald E. Knuth},
  title = 	 {The {\TeX} Book},
  publisher = 	 {Addison-Wesley},
  year = 	 {1984},
  edition = 	 {15th}
}

@InCollection{boulic:91,
  author = 	 {R. Boulic and O. Renault},
  title = 	 {3D Hierarchies for Animation},
  booktitle = 	 {New Trends in Animation and Visualization},
  publisher =    {John Wiley {\&} Sons ltd.},
  year = 	 {1991},
  editor = 	 {Nadia Magnenat-Thalmann and Daniel Thalmann}
}

@InCollection{smith:99,
  author = 	 {A. Smith and B. Jones},
  title = 	 {On the Complexity of Computing},
  booktitle = 	 {Advances in Computer Science},
  pages = 	 {555--566},
  publisher =    {Publishing Press},
  year = 	 {1999},
  editor = 	 {A. B. Smith-Jones}
}

@misc{jviriato:2017,
  author = { {Viriato J.V.} and {Vieira G.H.} },
  title = {fbdqt},
  year = {2017},
  publisher = {GitHub},
  journal = {GitHub repository},
  howpublished = {\url{https://github.com/jviriato/fbdqt}},
}

@misc{mysqlworkbench,
  author = {{Oracle Corporation}},
  title = {MySQL Workbench},
  year = {2017},
  howpublished = {\url{https://www.mysql.com/products/workbench}},
  version = {6.3},
}

@misc{python3,
    author = {{Python Software Foundation}},
    title = {Python 3},    
    year = {2017},
    howpublished = {\url{https://www.python.org/}},
    version = {3.6.3},    
}

@misc{astah,
    author = {{Change Vision, Inc.}},
    title = {Astah},    
    year = {2017},
    howpublished = {\url{http://astah.net/}},
}

@misc{qt,
    author = {{The QT Company}},
    title = {Qt Designer},    
    year = {2017},
    howpublished = {\url{https://www.qt.io/}},
}

@misc{latex,
    author = {{The LaTeX Project}},
    title = {LaTeX},    
    year = {2017},
    howpublished = {\url{https://www.latex-project.org/get/}},
}

@misc{pycharm,
    author = {{Jet Brains}},
    title = {PyCharm},    
    year = {2017},
    howpublished = {\url{https://www.jetbrains.com/products.html}},
}